@Article{hicks2017missing,
    Author="Hicks, S. C.  and Townes, F. W.  and Teng, M.  and Irizarry, R. A. ",
    Title="{{M}issing data and technical variability in single-cell {R}{N}{A}-sequencing experiments}",
    Journal="Biostatistics",
    Year="2017",
    Month="Nov"
}

@Article{robinson2010scaling,
    Author="Robinson, M. D.  and Oshlack, A. ",
    Title="{{A} scaling normalization method for differential expression analysis of {R}{N}{A}-seq data}",
    Journal="Genome Biol.",
    Year="2010",
    Volume="11",
    Number="3",
    Pages="R25"
}

@Article{lun2016pooling,
    Author="Lun, A. T.  and Bach, K.  and Marioni, J. C. ",
    Title="{{P}ooling across cells to normalize single-cell {R}{N}{A} sequencing data with many zero counts}",
    Journal="Genome Biol.",
    Year="2016",
    Volume="17",
    Pages="75",
    Month="Apr"
}

@Article{love2014moderated,
    Author="Love, M. I.  and Huber, W.  and Anders, S. ",
    Title="{{M}oderated estimation of fold change and dispersion for {R}{N}{A}-seq data with {D}{E}{S}eq2}",
    Journal="Genome Biol.",
    Year="2014",
    Volume="15",
    Number="12",
    Pages="550"
}


